<record><leader>00000cas a22000007a 4500</leader><controlfield tag="001">15907202</controlfield><controlfield tag="008">870611d19201921inuwr ne      0    0eng d</controlfield><datafield ind1=" " ind2=" " tag="010"><subfield code="a">sn 87055503 </subfield></datafield><datafield ind1=" " ind2=" " tag="040"><subfield code="a">NPI</subfield><subfield code="b">eng</subfield><subfield code="c">NPI</subfield><subfield code="d">OCLCQ</subfield></datafield><datafield ind1=" " ind2=" " tag="042"><subfield code="a">msc</subfield></datafield><datafield ind1="0" ind2=" " tag="130"><subfield code="a">Times (Lafayette, Ind. : 1920)</subfield></datafield><datafield ind1="1" ind2="4" tag="245"><subfield code="a">The times.</subfield></datafield><datafield ind1=" " ind2=" " tag="260"><subfield code="a">Lafayette, Ind. :</subfield><subfield code="b">R.M. Isherwood,</subfield><subfield code="c">1920-</subfield></datafield><datafield ind1=" " ind2=" " tag="310"><subfield code="a">Weekly</subfield></datafield><datafield ind1="0" ind2=" " tag="362"><subfield code="a">Apr. 9, 1920-</subfield></datafield><datafield ind1="1" ind2=" " tag="362"><subfield code="a">Ceased with July 1, 1921 issue?</subfield></datafield><datafield ind1=" " ind2=" " tag="580"><subfield code="a">Daily ed. called: Evening Times, June 20-Nov. 1921.</subfield></datafield><datafield ind1=" " ind2=" " tag="752"><subfield code="a">United States</subfield><subfield code="b">Indiana</subfield><subfield code="c">Tippecanoe</subfield><subfield code="d">Lafayette.</subfield></datafield><datafield ind1="1" ind2=" " tag="775"><subfield code="t">Evening times (Lafayette, Ind.)</subfield></datafield><datafield ind1="0" ind2="0" tag="780"><subfield code="t">Tippecanoe County Democrat (Lafayette, Ind. : 1908)</subfield><subfield code="w">(DLC)sn 87055226</subfield></datafield><datafield ind1="0" ind2="0" tag="785"><subfield code="t">Tippecanoe County Democrat (Lafayette, Ind. : 1922)</subfield><subfield code="w">(DLC)sn 87055486</subfield></datafield></record>